@string{CVPR = "{Proceedings of IEEE Conference on Computer Vision and Pattern Recognition (CVPR)}"}
@string{ICCV = "{Proceedings of IEEE International Conference on Computer Vision (ICCV)}"}
@string{TPAMI = "{IEEE Transactions on Pattern Analysis and Machine Intelligence (TPAMI)}"}
@string{ICPR = "{Proceedings of IEEE International Conference on Pattern Recognition (ICPR)}"}
@string{ICML = "{International Conference on Machine Learning (ICML)}"}
@string{ECCV = "{Proceedings of European Conference on Computer Vision (ECCV)}"}
@string{IJCV = "{International Journal of Computer Vision (IJCV)}"}
@string{JOSA = "{Journal of the Optical Society of America}"}
@string{SIGGRAPH = "{Proceedings of SIGGRAPH}"}
@string{NIPS = "{Advances in Neural Information Processing Systems (NIPS)}"}
@string{JOCCH = "{Journal on Computing and Cultural Heritage}"}

% 参考文献は著者の名称を略さない形式に統一。

% 関連研究 : 時系列骨格データを用いたGCNによる行動認識(ST-GCN)
@inproceedings{yan2018spatial,
  title={Spatial temporal graph convolutional networks for skeleton-based action recognition},
  author={Yan, Sijie and Xiong, Yuanjun and Lin, Dahua},
  booktitle={Proceedings of the Association for the Advancement of Artificial Intelligence (AAAI) Conference on Artificial Intelligence},
  pages={1--9},
  year={2018}
}